
@article{test-zh,
	author = {Brian F. Cooper, Adam Silberstein, Erwin Tam, Raghu Ramakrishnan, Russell Sears},
	title = {Benchmarking Cloud Serving Systems with YCSB},
	type = {J},
	journal = {SoCC '10 Proceedings of the 1st ACM symposium on Cloud computing},
	date = {2014-04-01},
	language = {chinese},
}

@online{biblatex-caspervector,
	author = {Vector, Casper Ti.},
	title = {biblatex 参考文献和引用样式：caspervector v0.2.1},
	type = {M/OL},
	date = {2015-04-28},
	url = {https://gitlab.com/CasperVector/biblatex-caspervector/releases/tag/v0.2.1},
	urldate = {2015-04-28},
	language = {chinese},
}
% vim:ts=4:sw=4
